<?xml version="1.0" encoding="UTF-8"?>
<collection xmlns:xsi="http://www.w3.org/2001/XMLSchema-instance" xsi:schemaLocation="http://www.loc.gov/MARC21/slim http://www.loc.gov/standards/marcxml/schema/MARC21slim.xsd" xmlns="http://www.loc.gov/MARC21/slim">
<record>
  <leader>00664cam a2200205K  4500</leader>
  <controlfield tag="001">5619521</controlfield>
  <controlfield tag="003">NNC</controlfield>
  <controlfield tag="005">20150920223128.0</controlfield>
  <controlfield tag="008">060503s1965    ir            000 0 ara d</controlfield>
  <datafield tag="035" ind1=" " ind2=" ">
    <subfield code="a">(OCoLC)23506371</subfield>
  </datafield>
  <datafield tag="035" ind1=" " ind2=" ">
    <subfield code="a">(OCoLC)ocm23506371</subfield>
  </datafield>
  <datafield tag="035" ind1=" " ind2=" ">
    <subfield code="a">(NNC)5619521</subfield>
  </datafield>
  <datafield tag="040" ind1=" " ind2=" ">
    <subfield code="a">ZCU</subfield>
    <subfield code="c">ZCU</subfield>
  </datafield>
  <datafield tag="111" ind1="2" ind2=" ">
    <subfield code="a">Muʼtamar al-Udabāʼ al-ʻArab</subfield>
    <subfield code="n">(5th :</subfield>
    <subfield code="d">1965 :</subfield>
    <subfield code="c">Baghdad, Iraq)</subfield>
  </datafield>
  <datafield tag="245" ind1="1" ind2="0">
    <subfield code="a">Dawr al-adab fī maʻrakat al-taḥarrur wa-al-binā.</subfield>
  </datafield>
  <datafield tag="260" ind1=" " ind2=" ">
    <subfield code="a">Baghdad,</subfield>
    <subfield code="c">1965.</subfield>
  </datafield>
  <datafield tag="300" ind1=" " ind2=" ">
    <subfield code="a">1 v.</subfield>
  </datafield>
  <datafield tag="490" ind1="1" ind2=" ">
    <subfield code="a">Muʾtamar al-Udabāʾ al-ʻArab. Aʻmāl al-Muʾ tamar. Proceedings.</subfield>
    <subfield code="v">v.5</subfield>
  </datafield>
  <datafield tag="811" ind1="2" ind2=" ">
    <subfield code="a">Muʼtamar al-Udabāʼ al-ʻArab.</subfield>
    <subfield code="t">Proceedings ;</subfield>
    <subfield code="v">v. 5.</subfield>
  </datafield>
  <datafield tag="955" ind1=" " ind2=" ">
    <subfield code="b">0036760650</subfield>
    <subfield code="d">glx</subfield>
    <subfield code="e">PJ7501 .M8 v.5</subfield>
    <subfield code="v">v.5 pt.2</subfield>
  </datafield>
</record>
</collection>